@article{coenen2020primer,
  title={A primer for microbiome time-series analysis},
  author={Coenen, Ashley R and Hu, Sarah K and Luo, Elaine and Muratore, Daniel and Weitz, Joshua S},
  journal={Frontiers in genetics},
  volume={11},
  year={2020},
  publisher={Frontiers Media SA}
}
@article{bahadori2019temporal,
  title={Temporal-clustering invariance in irregular healthcare time series},
  author={Bahadori, Mohammad Taha and Lipton, Zachary Chase},
  journal={arXiv preprint arXiv:1904.12206},
  year={2019}
}

@Manual{gam,
    title = {gam: Generalized Additive Models},
    author = {Trevor Hastie},
    year = {2020},
    note = {R package version 1.20},
    url = {https://CRAN.R-project.org/package=gam},
  }
  
@incollection{NEURIPS2019_9015,
title = {PyTorch: An Imperative Style, High-Performance Deep Learning Library},
author = {Paszke, Adam and Gross, Sam and Massa, Francisco and Lerer, Adam and Bradbury, James and Chanan, Gregory and Killeen, Trevor and Lin, Zeming and Gimelshein, Natalia and Antiga, Luca and Desmaison, Alban and Kopf, Andreas and Yang, Edward and DeVito, Zachary and Raison, Martin and Tejani, Alykhan and Chilamkurthy, Sasank and Steiner, Benoit and Fang, Lu and Bai, Junjie and Chintala, Soumith},
booktitle = {Advances in Neural Information Processing Systems 32},
editor = {H. Wallach and H. Larochelle and A. Beygelzimer and F. d\textquotesingle Alch\'{e}-Buc and E. Fox and R. Garnett},
pages = {8024--8035},
year = {2019},
publisher = {Curran Associates, Inc.},
url = {http://papers.neurips.cc/paper/9015-pytorch-an-imperative-style-high-performance-deep-learning-library.pdf}
}